<record><leader>00000cas a22000007a 4500</leader><controlfield tag="001">12228964</controlfield><controlfield tag="008">850703d18681883nyuwr ne      0    0eng d</controlfield><controlfield tag="009">3768</controlfield><datafield ind1=" " ind2=" " tag="010"><subfield code="a">sn 85026440 </subfield></datafield><datafield ind1=" " ind2=" " tag="040"><subfield code="a">NPX</subfield><subfield code="b">eng</subfield><subfield code="c">NPX</subfield><subfield code="d">DLC</subfield><subfield code="d">NYS</subfield><subfield code="d">OCLCQ</subfield></datafield><datafield ind1="1" ind2=" " tag="029"><subfield code="a">AU@</subfield><subfield code="b">000020378067</subfield></datafield><datafield ind1=" " ind2=" " tag="042"><subfield code="a">msc</subfield></datafield><datafield ind1="0" ind2=" " tag="130"><subfield code="a">Franklin register (Franklin, N.Y.)</subfield></datafield><datafield ind1="0" ind2="4" tag="245"><subfield code="a">The Franklin register.</subfield></datafield><datafield ind1=" " ind2=" " tag="260"><subfield code="a">Franklin, N.Y. :</subfield><subfield code="b">[Hitchcock &amp; Smith]</subfield></datafield><datafield ind1=" " ind2=" " tag="300"><subfield code="a">v.</subfield></datafield><datafield ind1=" " ind2=" " tag="310"><subfield code="a">Weekly</subfield></datafield><datafield ind1="0" ind2=" " tag="362"><subfield code="a">Vol. 1, no. 1 (June 30, 1868)-v. 16, no. 14 (Sept. 14, 1883) = -whole no. 794.</subfield></datafield><datafield ind1=" " ind2=" " tag="500"><subfield code="a">Publishers: Hitchcock &amp; Smith, June 30-Oct. 20, 1868; A.D. Hitchcock, Oct. 27, 1868-&lt;1869&gt;; Theodore Smith, &lt;1873-1876&gt;; J. Eveland &amp; Co., &lt;1880&gt;; Joseph Eveland, &lt;1881-1883&gt;.</subfield></datafield><datafield ind1=" " ind2="4" tag="651"><subfield code="a">Franklin (N.Y.)</subfield><subfield code="v">Newspapers.</subfield></datafield><datafield ind1=" " ind2=" " tag="752"><subfield code="a">United States</subfield><subfield code="b">New York</subfield><subfield code="c">Delaware</subfield><subfield code="d">Franklin.</subfield></datafield><datafield ind1="0" ind2="0" tag="785"><subfield code="t">Delaware County dairyman and register</subfield><subfield code="w">(DLC)sn 92061650</subfield></datafield></record>